@inproceedings{theultimatedisplay,
  added-at = {2011-02-06T17:55:55.000+0100},
  author = {Sutherland, Ivan E.},
  biburl = {https://www.bibsonomy.org/bibtex/2e85bcd83ab4c4b7ab553b25886aec03b/kw},
  booktitle = {Proceedings of the Congress of the Internation Federation of Information Processing (IFIP)},
  interhash = {73be3f0893fb9d624b78e9f3ccbd48eb},
  intrahash = {e85bcd83ab4c4b7ab553b25886aec03b},
  keywords = {augmentedreality mybsc},
  pages = {506-508},
  timestamp = {2012-08-24T14:02:31.000+0200},
  title = {The Ultimate Display},
  url = {http://www.wired.com/beyond_the_beyond/2009/09/augmented-reality-the-ultimate-display-by-ivan-sutherland-1965/},
  volume = {volume 2},
  year = 1965
}

@article{Caudell,
author = {Caudell, Thomas and Mitzell, D.W.},
year = {1992},
month = {01},
pages = {659-669},
title = {Augmented reality: an application of heads-up display technology to manual manufacturing processes},
volume = {2},
journal = {System Sciences}
}

@article{Milgram,
author = {Milgram, Paul and Takemura, Haruo and Utsumi, Akira and Kishino, Fumio},
year = {1994},
month = {01},
pages = {},
title = {Augmented reality: A class of displays on the reality-virtuality continuum},
volume = {2351},
journal = {Telemanipulator and Telepresence Technologies},
doi = {10.1117/12.197321}
}

@unknown{Augmented-Reality-Assisted-CT-Guided-Interventions,
author = {Park, Brian and Hunt, Stephen and Nadolski, Gregory and Gade, Terence},
year = {2020},
month = {05},
pages = {},
title = {3D Augmented Reality-Assisted CT-Guided Interventions: System Design and Preclinical Trial on an Abdominal Phantom using HoloLens 2}
}

@inproceedings{Augmented-Reality-Teaching-System,
author = {Vidal-Balea, Aida and Blanco-Novoa, Óscar and Picallo, Imanol and Celaya-Echarri, Mikel and Fraga-Lamas, Paula and Lopez Iturri, Peio and Azpilicueta, Leyre and Falcone, Francisco and Fernández-Caramés, Tiago},
year = {2020},
month = {11},
pages = {},
title = {Analysis, Design and Practical Validation of an Augmented Reality Teaching System Based on Microsoft HoloLens 2 and Edge Computing},
volume = {2},
journal = {Engineering Proceedings},
doi = {10.3390/ecsa-7-08210}
}

@article{HoloLens-in-museum,
author = {Hammady, Ramy and Ma, Minhua and Strathearn, Carl},
year = {2019},
month = {07},
pages = {},
title = {User experience design for mixed reality User experience design for mixed reality: a case study of HoloLens in museum},
volume = {13},
journal = {International Journal of Technology Marketing},
doi = {10.1504/IJTMKT.2019.10025609}
}
